<collection xmlns="http://www.loc.gov/MARC21/slim">
<record>
  <leader>01204nam0a22002291i 450 </leader>
  <controlfield tag="001">IT\ICCU\CNCE\064545</controlfield>
  <controlfield tag="005">20060508000000.0</controlfield>
  <datafield tag="012" ind1=" " ind2=" ">
    <subfield code="a">e.e, a.te a.a, EcMe (C) 1522 (Q)</subfield>
    <subfield code="2">fei</subfield>
    <subfield code="9">1</subfield>
  </datafield>
  <datafield tag="100" ind1=" " ind2=" ">
    <subfield code="a">20060505f1522        0itac0103    ba</subfield>
  </datafield>
  <datafield tag="101" ind1=" " ind2=" ">
    <subfield code="a">ITA</subfield>
  </datafield>
  <datafield tag="102" ind1=" " ind2=" ">
    <subfield code="a">IT</subfield>
  </datafield>
  <datafield tag="200" ind1="1" ind2=" ">
    <subfield code="a">Opera vniuersale composta per el dignissimo misser Bizantio de Lupis gentilhomo apuliense de la citt ̉de Iuuenatio la qual tratta de molte dignissime cose Damore. Sonetti e dialoghi 176. Capitoli 13. Una forma de confessione. Uno testamento. Una biastema. Strambotti 174. Barzellette 11. Uno Pater noster &amp; vna Aue Maria. Et molte altre cose degne de laude nouamente stampate</subfield>
  </datafield>
  <datafield tag="210" ind1=" " ind2=" ">
    <subfield code="d">\non prima del 1522!</subfield>
  </datafield>
  <datafield tag="215" ind1=" " ind2=" ">
    <subfield code="a">\98! c.</subfield>
    <subfield code="d">8ʻ</subfield>
  </datafield>
  <datafield tag="300" ind1=" " ind2=" ">
    <subfield code="a">La data si ricava dal testo</subfield>
  </datafield>
  <datafield tag="700" ind1=" " ind2="1">
    <subfield code="a">Lupis,</subfield>
    <subfield code="b">Bisanzio</subfield>
    <subfield code="3">IT\ICCU\CNCA\026453</subfield>
  </datafield>
  <datafield tag="712" ind1="0" ind2="2">
    <subfield code="a">s.n.</subfield>
    <subfield code="3">IT\ICCU\CNCT\000002</subfield>
    <subfield code="4">650</subfield>
  </datafield>
  <datafield tag="790" ind1=" " ind2="1">
    <subfield code="a">Lupis,</subfield>
    <subfield code="b">Bisantio : de</subfield>
    <subfield code="3">IT\ICCU\CNCA\026454</subfield>
    <subfield code="z">Lupis, Bisanzio</subfield>
  </datafield>
  <datafield tag="790" ind1=" " ind2="0">
    <subfield code="a">Bisantio Lupo</subfield>
    <subfield code="3">IT\ICCU\CNCA\026455</subfield>
    <subfield code="z">Lupis, Bisanzio</subfield>
  </datafield>
  <datafield tag="801" ind1=" " ind2="3">
    <subfield code="a">IT</subfield>
    <subfield code="b">ICCU</subfield>
    <subfield code="c">20201115</subfield>
  </datafield>
  <datafield tag="899" ind1=" " ind2=" ">
    <subfield code="a">Archivio storico civico e Biblioteca Trivulziana. Milano</subfield>
    <subfield code="1">MI0327</subfield>
    <subfield code="2">LO1 13</subfield>
  </datafield>
  <datafield tag="899" ind1=" " ind2=" ">
    <subfield code="a">Biblioteca dell&apos;Accademia nazionale dei Lincei e Corsiniana. Roma</subfield>
    <subfield code="1">RM0418</subfield>
    <subfield code="2">RML 10</subfield>
  </datafield>
</record>
</collection>
